%! Author = alinezhad.f
%! Date = 5/17/22

